<record><leader>00000cas a22000007a 4500</leader><controlfield tag="001">21390842</controlfield><controlfield tag="008">900418d18661869mouwr ne      0    0eng d</controlfield><datafield ind1=" " ind2=" " tag="010"><subfield code="a">sn 90061420 </subfield></datafield><datafield ind1=" " ind2=" " tag="040"><subfield code="a">MQN</subfield><subfield code="b">eng</subfield><subfield code="c">MQN</subfield><subfield code="d">OCLCQ</subfield><subfield code="d">UMR</subfield><subfield code="d">OCLCQ</subfield><subfield code="d">OCLCF</subfield><subfield code="d">OCLCO</subfield></datafield><datafield ind1=" " ind2=" " tag="042"><subfield code="a">msc</subfield></datafield><datafield ind1=" " ind2=" " tag="043"><subfield code="a">n-us-mo</subfield></datafield><datafield ind1="0" ind2=" " tag="130"><subfield code="a">Herald of liberty (Rolla, Mo.)</subfield></datafield><datafield ind1="1" ind2="4" tag="245"><subfield code="a">The herald of liberty.</subfield></datafield><datafield ind1=" " ind2=" " tag="260"><subfield code="a">Rolla, Mo. :</subfield><subfield code="b">Niles &amp; Herbert,</subfield><subfield code="c">-1869.</subfield></datafield><datafield ind1=" " ind2=" " tag="300"><subfield code="a">v.</subfield></datafield><datafield ind1=" " ind2=" " tag="310"><subfield code="a">Weekly</subfield></datafield><datafield ind1="1" ind2=" " tag="362"><subfield code="a">Began in 1866?</subfield></datafield><datafield ind1="0" ind2=" " tag="362"><subfield code="a">-v. 3, no. 34 (Apr. 1, 1869).</subfield></datafield><datafield ind1=" " ind2=" " tag="588"><subfield code="a">Description based on: Vol. 3, no. 32 (Mar. 18, 1869).</subfield></datafield><datafield ind1=" " ind2="0" tag="651"><subfield code="a">Rolla (Mo.)</subfield><subfield code="v">Newspapers.</subfield></datafield><datafield ind1=" " ind2="0" tag="651"><subfield code="a">Phelps County (Mo.)</subfield><subfield code="v">Newspapers.</subfield></datafield><datafield ind1=" " ind2="7" tag="655"><subfield code="a">Newspapers.</subfield><subfield code="2">fast</subfield><subfield code="0">(OCoLC)fst01423814</subfield></datafield><datafield ind1=" " ind2="7" tag="651"><subfield code="a">Missouri</subfield><subfield code="z">Phelps County.</subfield><subfield code="2">fast</subfield><subfield code="0">(OCoLC)fst01215968</subfield></datafield><datafield ind1=" " ind2="7" tag="651"><subfield code="a">Missouri</subfield><subfield code="z">Rolla.</subfield><subfield code="2">fast</subfield><subfield code="0">(OCoLC)fst01210032</subfield></datafield><datafield ind1=" " ind2=" " tag="752"><subfield code="a">United States</subfield><subfield code="b">Missouri</subfield><subfield code="c">Phelps</subfield><subfield code="d">Rolla.</subfield></datafield><datafield ind1="0" ind2="0" tag="785"><subfield code="t">Rolla weekly herald</subfield><subfield code="w">(DLC)sn 86063665</subfield></datafield></record>